<?xml version="1.0"?>
<marc:collection xmlns:marc="http://www.loc.gov/MARC21/slim" xmlns:xsi="http://www.w3.org/2001/XMLSchema-instance" xsi:schemaLocation="http://www.loc.gov/MARC21/slim http://www.loc.gov/standards/marcxml/schema/MARC21slim.xsd">
   <marc:record type="Bibliographic">
      <marc:leader>02235cam a2200397 a 4500</marc:leader>
      <marc:controlfield tag="001">1037447</marc:controlfield>
      <marc:controlfield tag="003">NjP</marc:controlfield>
      <marc:controlfield tag="005">20140624095846.0</marc:controlfield>
      <marc:controlfield tag="008">951222s1977    ir h     b    000 0 ara d</marc:controlfield>
      <marc:datafield tag="024" ind1="7" ind2=" ">
         <marc:subfield code="a">princeton_aco000022</marc:subfield>
         <marc:subfield code="2">local</marc:subfield>
      </marc:datafield>
      <marc:datafield tag="035" ind1=" " ind2=" ">
         <marc:subfield code="a">(OCoLC)ocn176353764</marc:subfield>
      </marc:datafield>
      <marc:datafield tag="035" ind1=" " ind2=" ">
         <marc:subfield code="a">(OCoLC)34368326</marc:subfield>
      </marc:datafield>
      <marc:datafield tag="040" ind1=" " ind2=" ">
         <marc:subfield code="a">NjP</marc:subfield>
         <marc:subfield code="c">PUL</marc:subfield>
         <marc:subfield code="d">PUL</marc:subfield>
      </marc:datafield>
      <marc:datafield tag="066" ind1=" " ind2=" ">
         <marc:subfield code="c">(3</marc:subfield>
      </marc:datafield>
      <marc:datafield tag="035" ind1=" " ind2=" ">
         <marc:subfield code="a">(OCoLC)176353764</marc:subfield>
      </marc:datafield>
      <marc:datafield tag="035" ind1=" " ind2=" ">
         <marc:subfield code="a">(CStRLIN)NJPG95-B80106</marc:subfield>
      </marc:datafield>
      <marc:datafield tag="035" ind1=" " ind2=" ">
         <marc:subfield code="9">CCB3803TS</marc:subfield>
      </marc:datafield>
      <marc:datafield tag="035" ind1=" " ind2=" ">
         <marc:subfield code="a">(NjP)1037447</marc:subfield>
      </marc:datafield>
      <marc:datafield tag="079" ind1=" " ind2=" ">
         <marc:subfield code="a">ocm34368326</marc:subfield>
      </marc:datafield>
      <marc:datafield tag="049" ind1=" " ind2=" ">
         <marc:subfield code="a">PULL</marc:subfield>
      </marc:datafield>
      <marc:datafield tag="100" ind1="1" ind2=" ">
         <marc:subfield code="6">880-01</marc:subfield>
         <marc:subfield code="a">H&#x323;a&#x304;jiya&#x304;ni&#x304;, &#x2BB;Abba&#x304;s.</marc:subfield>
      </marc:datafield>
      <marc:datafield tag="245" ind1="1" ind2="0">
         <marc:subfield code="6">880-02</marc:subfield>
         <marc:subfield code="a">Nukhbat al-maqa&#x304;l fi&#x304; tamyi&#x304;z al-asna&#x304;d wa-al-rija&#x304;l :</marc:subfield>
         <marc:subfield code="b">wa-huwa tah&#x323;qi&#x304;q fi&#x304; asa&#x304;ni&#x304;d al-&#x2BB;alamayn Shaykh al-T&#x323;a&#x304;&#x2BC;ifah al-Shaykh al-T&#x323;u&#x304;si&#x304; wa-al-muh&#x323;addith al-kabi&#x304;r al-Shaykh al-S&#x323;adu&#x304;q, rah&#x323;imahuma&#x304; Alla&#x304;h, ila&#x301; al-kutub allati&#x304; yarwiya&#x304;n &#x2BB;anha&#x304; al-h&#x323;adi&#x304;th /</marc:subfield>
         <marc:subfield code="c">ta&#x2BC;li&#x304;f &#x2BB;Abba&#x304;s al-H&#x323;a&#x304;jiya&#x304;ni&#x304; al-Dashti&#x304;.</marc:subfield>
      </marc:datafield>
      <marc:datafield tag="260" ind1=" " ind2=" ">
         <marc:subfield code="6">880-03</marc:subfield>
         <marc:subfield code="a">Qum :</marc:subfield>
         <marc:subfield code="b">Mat&#x323;ba&#x2BB;at Mihr,</marc:subfield>
         <marc:subfield code="c">[1977?]</marc:subfield>
      </marc:datafield>
      <marc:datafield tag="300" ind1=" " ind2=" ">
         <marc:subfield code="a">535 p. :</marc:subfield>
         <marc:subfield code="b">facsims. ;</marc:subfield>
         <marc:subfield code="c">25 cm.</marc:subfield>
      </marc:datafield>
      <marc:datafield tag="504" ind1=" " ind2=" ">
         <marc:subfield code="a">Includes bibliographical references.</marc:subfield>
      </marc:datafield>
      <marc:datafield tag="600" ind1="1" ind2="0">
         <marc:subfield code="6">880-04</marc:subfield>
         <marc:subfield code="a">T&#x323;u&#x304;si&#x304;, Muh&#x323;ammad ibn al-H&#x323;asan,</marc:subfield>
         <marc:subfield code="d">995-1067?</marc:subfield>
         <marc:subfield code="x">Criticism and interpretation.</marc:subfield>
      </marc:datafield>
      <marc:datafield tag="600" ind1="1" ind2="0">
         <marc:subfield code="6">880-05</marc:subfield>
         <marc:subfield code="a">Ibn Ba&#x304;bawayh al-Qummi&#x304;, Muh&#x323;ammad ibn &#x2BB;Ali&#x304;,</marc:subfield>
         <marc:subfield code="d">918 or 919-991 or 992</marc:subfield>
         <marc:subfield code="x">Criticism and interpretation.</marc:subfield>
      </marc:datafield>
      <marc:datafield tag="650" ind1=" " ind2="0">
         <marc:subfield code="a">Hadith (Shiites)</marc:subfield>
         <marc:subfield code="x">Authorities.</marc:subfield>
      </marc:datafield>
      <marc:datafield tag="880" ind1="1" ind2=" ">
         <marc:subfield code="6">100-01/(3/r</marc:subfield>
         <marc:subfield code="a">&#x62D;&#x627;&#x62C;&#x64A;&#x627;&#x646;&#x64A;&#x60C; &#x639;&#x628;&#x627;&#x633;.</marc:subfield>
      </marc:datafield>
      <marc:datafield tag="880" ind1="1" ind2="0">
         <marc:subfield code="6">245-02/(3/r</marc:subfield>
         <marc:subfield code="a">&#x646;&#x62E;&#x628;&#x629; &#x627;&#x644;&#x645;&#x642;&#x627;&#x644; &#x641;&#x64A; &#x62A;&#x645;&#x64A;&#x64A;&#x632; &#x627;&#x644;&#x627;&#x633;&#x646;&#x627;&#x62F; &#x648;&#x627;&#x644;&#x631;&#x62C;&#x627;&#x644; :</marc:subfield>
         <marc:subfield code="b">&#x648;&#x647;&#x648; &#x62A;&#x62D;&#x642;&#x64A;&#x642; &#x641;&#x64A; &#x627;&#x633;&#x627;&#x646;&#x64A;&#x62F; &#x627;&#x644;&#x639;&#x644;&#x645;&#x64A;&#x646; &#x634;&#x64A;&#x62E; &#x627;&#x644;&#x637;&#x627;&#x626;&#x641;&#x629; &#x627;&#x644;&#x634;&#x64A;&#x62E; &#x627;&#x644;&#x637;&#x648;&#x633;&#x64A; &#x648;&#x627;&#x644;&#x645;&#x62D;&#x62F;&#x62B; &#x627;&#x644;&#x643;&#x628;&#x64A;&#x631; &#x627;&#x644;&#x634;&#x64A;&#x62E; &#x627;&#x644;&#x635;&#x62F;&#x648;&#x642;&#x60C; &#x631;&#x62D;&#x645;&#x647;&#x645;&#x627; &#x627;&#x644;&#x644;&#x647;&#x60C; &#x627;&#x644;&#x649; &#x627;&#x644;&#x643;&#x62A;&#x628; &#x627;&#x644;&#x62A;&#x64A; &#x64A;&#x631;&#x648;&#x64A;&#x627;&#x646; &#x639;&#x646;&#x647;&#x627; &#x627;&#x644;&#x62D;&#x62F;&#x64A;&#x62B; /</marc:subfield>
         <marc:subfield code="c">&#x62A;&#x623;&#x644;&#x64A;&#x641; &#x639;&#x628;&#x627;&#x633; &#x627;&#x644;&#x62D;&#x627;&#x62C;&#x64A;&#x627;&#x646;&#x64A; &#x627;&#x644;&#x62F;&#x634;&#x62A;&#x64A;.</marc:subfield>
      </marc:datafield>
      <marc:datafield tag="880" ind1=" " ind2=" ">
         <marc:subfield code="6">260-03/(3/r</marc:subfield>
         <marc:subfield code="a">&#x642;&#x645; :</marc:subfield>
         <marc:subfield code="b">&#x645;&#x637;&#x628;&#x639;&#x629; &#x645;&#x647;&#x631;&#x60C;</marc:subfield>
         <marc:subfield code="c">[1977&#x61F;]</marc:subfield>
      </marc:datafield>
      <marc:datafield tag="880" ind1="1" ind2="0">
         <marc:subfield code="6">600-04/(3/r</marc:subfield>
         <marc:subfield code="a">&#x637;&#x648;&#x633;&#x64A;&#x60C; &#x645;&#x62D;&#x645;&#x62F; &#x628;&#x646; &#x627;&#x644;&#x62D;&#x633;&#x646;&#x60C;</marc:subfield>
         <marc:subfield code="d">995-1067&#x61F;</marc:subfield>
         <marc:subfield code="x">&#x627;&#x644;&#x646;&#x642;&#x62F; &#x648;&#x627;&#x644;&#x62A;&#x641;&#x633;&#x64A;&#x631;.</marc:subfield>
      </marc:datafield>
      <marc:datafield tag="880" ind1="1" ind2="0">
         <marc:subfield code="6">600-05/(3/r</marc:subfield>
         <marc:subfield code="a">&#x627;&#x628;&#x646; &#x628;&#x627;&#x628;&#x648;&#x64A;&#x647; &#x627;&#x644;&#x642;&#x645;&#x64A;&#x60C; &#x645;&#x62D;&#x645;&#x62F; &#x628;&#x646; &#x639;&#x644;&#x64A;&#x60C;</marc:subfield>
         <marc:subfield code="d">918 or 919-991 or 992</marc:subfield>
         <marc:subfield code="x">&#x627;&#x644;&#x646;&#x642;&#x62F; &#x648;&#x627;&#x644;&#x62A;&#x641;&#x633;&#x64A;&#x631;.</marc:subfield>
      </marc:datafield>
      <marc:datafield tag="998" ind1=" " ind2=" ">
         <marc:subfield code="a">02/29/96</marc:subfield>
         <marc:subfield code="s">9114</marc:subfield>
         <marc:subfield code="n">NjP</marc:subfield>
         <marc:subfield code="w">NJPG95B80106</marc:subfield>
         <marc:subfield code="d">12/22/95</marc:subfield>
         <marc:subfield code="c">AAH</marc:subfield>
         <marc:subfield code="b">AAH</marc:subfield>
         <marc:subfield code="i">960229</marc:subfield>
         <marc:subfield code="l">NJPG</marc:subfield>
      </marc:datafield>
      <marc:datafield tag="911" ind1=" " ind2=" ">
         <marc:subfield code="a">19960307</marc:subfield>
      </marc:datafield>
      <marc:datafield tag="912" ind1=" " ind2=" ">
         <marc:subfield code="a">19960327054719.0</marc:subfield>
      </marc:datafield>
      <marc:datafield tag="994" ind1=" " ind2=" ">
         <marc:subfield code="a">C0</marc:subfield>
         <marc:subfield code="b">PUL</marc:subfield>
      </marc:datafield>
      <marc:datafield tag="999" ind1=" " ind2=" ">
         <marc:subfield code="a">1037447</marc:subfield>
      </marc:datafield>
   </marc:record>
</marc:collection>
